
@article{bulandchapman,
author="Buland, Ray and Chapman, C. H.",
title="The Computation of Seismic Travel Times",
journal="Bull. Seism. Soc. Am.",
volume="73",
number="5",
year="1983",
pages="1271-1302"}

@article{iasp,
author="Kennett, B. L. N. and Engdahl, E. R.",
title="Traveltimes for global earthquake location and phase identification",
journal="Geophysical Journal International",
volume="105",
year="1991",
pages="429-465"}

@article{kennett:ak135,
author="Kennett, B. L. N. and Engdahl, E. R. and Buland, R.",
title="Constraints on seismic velocities in the Earth from traveltimes",
journal="Geophysical Journal International",
volume="122",
year="1995",
pages="108-124"}

@article{kennett:ak135f,
author="Montagner, J.P. and Kennett, B.L.N.",
title="How to reconcile body-wave and normal-mode reference Earth models?",
journal="Geophysical Journal International",
volume="125",
year="1995",
pages="229-248"}

@article{coverage,
author="Wysession, Micheal E.",
title="How well do we utilize global seismicity",
journal="Bull. Seism. Soc. Am.",
volume="86",
number="5",
year="1996",
pages="1207-1219"}

@article{GMT6,
author="Wessel, P. and Luis, J. F. and Uieda, L. and Scharroo, R. and Wobbe, F. and Smith, W. H. F. and Tian, D.",
title="The Generic Mapping Tools Version 6",
journal="Geochemistry, Geophysics, Geosystems",
volume="20",
number="11",
year="2019",
pages="5556-5564"
}

@article{GMT,
author="Wessel, P. and Smith, W. H. F.",
title="New Version of the {G}eneric {M}apping {T}ools released",
journal="Eos",
volume="76",
year="1995",
pages="329"}

@book{jb,
author="Jeffreys, H. and Bullen, K. E.",
title="Seismological Tables",
publisher="British Association for the Advancement of Science, Burlington House",
address="London",
year="1940"}

@article{herrin,
author="Herrin, E.",
title="1968 seismological tables for P phases",
journal="Bull. Seism. Soc. Am.",
volume="58",
number="4",
year="1968",
pages="1193-1241"}

@article{gilbert_dziewonski,
author="Gilbert, F. and Dziewonski, A. M.",
title="An application of normal mode theory to the retrieval of structural parameters and source mechanisms from seismic spectra",
journal="Philisophical Transactions of the Royal Society, London A",
volume="278",
year="1975",
pages="187-269"}

@incollection{dziewonski_anderson,
author="Dziewonski, A. M. and Anderson, D. L.",
title="Structure, elastic and rheological properties and density of the earth's interior, gravity and pressure",
booktitle="Landoldt-B{\"{o}}nstein, Group V",
publisher="Springer",
address="Berlin",
editor="Fuch, K. and Soffel, H.",
volume="2a",
year="1984",
pages="84-96"}

@article{taupsrl,
author="Crotwell, H. P. and Owens, T. J. and Ritsema, J.",
title="The TauP ToolKit: Flexible Seismic Travel-Time and Raypath Utilities",
journal="Seismological Research Letters",
volume="",
number="",
year="1998",
note="In Preperation",
pages=""}

@article{morelli,
author="Morelli, A. and Dziewonski, A. M.",
title="Body wave traveltimes and a spherically symmetric P- and S-wave velocity model",
journal="Geophysics Journal International",
volume="112",
number="2",
year="1993",
pages="178-194"}

@article{weber_davis,
author="Weber, M. and Davis, J. P.",
title="Evidence of a laterally variable lower mantle structure from P- and S-waves",
journal="Geophysics Journal International",
volume="102",
number="1",
year="1990",
pages="231-255"}

@article{prem,
author="Dziewonski, A. M. and Anderson, D. L.",
title="Preliminary Reference Earth Model",
journal="Physics of the Earth and Planetary Interiors",
volume="25",
number="4",
year="1981",
pages="297-356"}

@article{
author="",
title="",
journal="",
volume="",
number="",
year="",
pages=""}

@techreport{xgbmreport,
author="Davis, J. P. and Henson, I. H.",
title="Development of an X-Windows tool to compute Gaussian bean synthetic seismograms",
institution="Phillip Laboratory",
address="Hancom AFB, MA",
number="TGAL-93-03",
year="1993",
}

@manual{xgbmmanual,
author="Davis, J. P. and Henson, I. H.",
title="User's Guide to Xgbm: An X-Windows System to compute Gaussian bean synthetic seismograms",
organization="Teledyne Geotech Alexandria Laboratories",
address="Alexandria, VA",
edition="1.1",
year="1993",
}

@manual{sacmanual,
author="Tull, Joseph E.",
title="SAC - Seismic Analysis Code: User's Manual",
organization="Lawrence Livermore National Laboratory",
address="Livermore, CA",
edition="Revision 2",
year="1989",
}
